
@article{TSAI,
	author = {Tsai, R.},
	journal = {Robotics and Automation, IEEE Journal of},
	title = {A versatile camera calibration technique for
                  high-accuracy 3D machine vision metrology using
                  off-the-shelf TV cameras and lenses},
	year = 1987,
	month = {August},
	volume = 3,
	number = 4,
	pages = {323 -344},
	keywords = {Calibration;Machine vision;Measurement;},
	doi = {10.1109/JRA.1987.1087109},
	issn = {0882-4967}
}

@article{bartlett02:_face,
	author = {Bartlett, M.S. and Movellan, J.R. and Sejnowski, T.J.},
	journal = {Neural Networks, IEEE Transactions on},
	title = {Face recognition by independent component analysis},
	year = {2002},
	month = {nov},
	volume = {13},
	number = {6},
	pages = { 1450 - 1464},
	keywords = { FERET database; eigenfaces; face recognition; face representations; factorial face code; independent component analysis; principal component analysis; unsupervised learning; unsupervised statistical methods; eigenvalues and eigenfunctions; face recognition; independent component analysis; unsupervised learning;},
	doi = {10.1109/TNN.2002.804287},
	issn = {1045-9227}
}

@article{chen03,
	title = "A new image rectification algorithm",
	journal = "Pattern Recognition Letters",
	volume = "24",
	number = "1â€“3",
	pages = "251 - 260",
	year = "2003",
	note = "",
	issn = "0167-8655",
	doi = "10.1016/S0167-8655(02)00239-8",
	url = "http://www.sciencedirect.com/science/article/pii/S0167865502002398",
	author = "Zezhi Chen and Chengke Wu and Hung Tat Tsui",
	keywords = "Minimal epipolar distortion"
}

@article{eigenfaces,
	author = "TURK  M.",
	title = "Eigenfaces for recognition",
	journal = "J. Cognitive Neuroscience",
	issn = "",
	publisher = "",
	year = "1991",
	volume = "3",
	number = "1",
	pages = "71-86",
	url = "http://ci.nii.ac.jp/naid/10016796802/en/"
}

@article{kim02:_face,
	author = {Kwang In Kim and Keechul Jung and Hang Joon Kim},
	journal = {Signal Processing Letters, IEEE},
	title = {Face recognition using kernel principal component analysis},
	year = {2002},
	month = {feb. },
	volume = {9},
	number = {2},
	pages = {40 -42},
	keywords = {face feature extraction;face recognition;facial image;feature space;high-order correlations;input pixels;input space;kernel PCA;kernel principal component analysis;nonlinear mapping;polynomial kernel;correlation methods;face recognition;feature extraction;polynomials;principal component analysis;},
	doi = {10.1109/97.991133},
	issn = {1070-9908}
}

@inproceedings{loop99:_comput,
	author = {Loop, C. and Zhengyou Zhang},
	booktitle = {Computer Vision and Pattern Recognition, 1999. IEEE Computer Society Conference on.},
	title = {Computing rectifying homographies for stereo vision},
	year = {1999},
	month = {},
	volume = {1},
	number = {},
	pages = {2 vol. (xxiii+637+663)},
	keywords = {2D projective transforms;epipolar geometry;homographies;image distortion;image rectification;shearing transform;similarity transform;specialized projective transform;stereo vision;computational geometry;stereo image processing;},
	doi = {10.1109/CVPR.1999.786928},
	issn = {}
}

@article{papadimitriou96:_epipol,
	author = {Papadimitriou, D.V. and Dennis, T.J.},
	journal = {Image Processing, IEEE Transactions on},
	title = {Epipolar line estimation and rectification for stereo image pairs },
	year = {1996},
	month = {apr},
	volume = {5},
	number = {4},
	pages = {672 -676},
	keywords = {algorithms;epipolar line estimation;epipolar line rectification;feature points;grey scale image matching;image features;image scan lines;stereo analysis;stereo image pairs;vertically aligned stereo pair;warped resampling;edge detection;estimation theory;feature extraction;image matching;image sampling;stereo image processing;},
	doi = {10.1109/83.491345},
	issn = {1057-7149}
}

@misc{pca,
	author = {Smith, L.},
	title = {{A tutorial on Principal Components Analysis}},
	howpublished = {\url{http://www.cs.otago.ac.nz/cosc453/student_tutorials/principal_components.pdf}},
	note = {Accessed: 01/06/2012}
}

@inproceedings{realtimestereo,
	author = {Sven Forstmann and Yutaka Kanou and Jun Ohya and Sven Thuering and Alfred Schmitt},
	title = {Real-time stereo by using dynamic programming},
	booktitle = {In Conference on Computer Vision and Pattern Recognition Workshop},
	year = {2004},
	pages = {29},
	publisher = {IEEE Computer Society}
}

@article{sun03:_uncal,
	title = "Uncalibrated three-view image rectification",
	journal = "Image and Vision Computing",
	volume = "21",
	number = "3",
	pages = "259 - 269",
	year = "2003",
	note = "",
	issn = "0262-8856",
	doi = "10.1016/S0262-8856(02)00157-9",
	url = "http://www.sciencedirect.com/science/article/pii/S0262885602001579",
	author = "Changming Sun",
	keywords = "Projection matrix"
}

@misc{testcalc,
	title = {{GraphPad \emph{t} test calculator Quick Calc}},
	howpublished = {\url{http://www.graphpad.com/quickcalcs/ttest1.cfm?Format=C}},
	note = {Accessed: 29/05/2012},
	author = {{GraphPad Software, Inc.}}
}

@article{yang04:_two_pca,
	author = {Jian Yang and Zhang, D. and Frangi, A.F. and Jing-yu Yang},
	journal = {Pattern Analysis and Machine Intelligence, IEEE Transactions on},
	title = {Two-dimensional PCA: a new approach to appearance-based face representation and recognition},
	year = {2004},
	month = {jan. },
	volume = {26},
	number = {1},
	pages = {131 -137},
	keywords = {2D image matrices;AR database;ORL database;Yale face database;eigenfaces;eigenvectors;face image databases;face recognition;face representation;feature extraction;image covariance matrix;image representation;principal component analysis;two-dimensional PCA;face recognition;feature extraction;image representation;principal component analysis;visual databases;Algorithms;Artificial Intelligence;Computer Simulation;Face;Female;Humans;Image Enhancement;Image Interpretation, Computer-Assisted;Information Storage and Retrieval;Male;Numerical Analysis, Computer-Assisted;Pattern Recognition, Automated;Principal Component Analysis;Reproducibility of Results;Sensitivity and Specificity;Signal Processing, Computer-Assisted;Subtraction Technique;},
	doi = {10.1109/TPAMI.2004.1261097},
	issn = {0162-8828}
}

@article{zhao03:_face,
	author = {Zhao, W. and Chellappa, R. and Phillips, P. J. and Rosenfeld, A.},
	title = {Face recognition: A literature survey},
	journal = {ACM Comput. Surv.},
	issue_date = {December 2003},
	volume = {35},
	number = {4},
	month = dec,
	year = {2003},
	issn = {0360-0300},
	pages = {399--458},
	numpages = {60},
	url = {http://doi.acm.org/10.1145/954339.954342},
	doi = {10.1145/954339.954342},
	acmid = {954342},
	publisher = {ACM},
	address = {New York, NY, USA},
	keywords = {Face recognition, person identification}
}

